<record xmlns:xsi="http://www.w3.org/2001/XMLSchema-instance" xmlns="http://www.loc.gov/MARC21/slim" xsi:schemaLocation="http://www.loc.gov/MARC21/slim http://www.loc.gov/standards/marcxml/schema/MARC21slim.xsd">

  <leader>00517nam a2200157Ia 4500</leader>
  <controlfield tag="008">160812b1985    cr ||||| |||| 00| 0 spa d</controlfield>
  <datafield tag="090" ind2=" " ind1=" ">
    <subfield code="a">06.04.02 </subfield>
    <subfield code="b">772</subfield>
  </datafield>
  <datafield tag="110" ind2=" " ind1="2">
    <subfield code="9">1936</subfield>
    <subfield code="a">Universidad de Costa Rica. Vicerrectoría de Acción Social. Centro Infantil Laboratorio</subfield>
  </datafield>
  <datafield tag="245" ind2="0" ind1="1">
    <subfield code="a">Centro Infantil Laboratorio</subfield>
  </datafield>
  <datafield tag="260" ind2=" " ind1=" ">
    <subfield code="a">San José, Costa Rica :  </subfield>
    <subfield code="b">ICAP, </subfield>
    <subfield code="c">1985</subfield>
  </datafield>
  <datafield tag="300" ind2=" " ind1=" ">
    <subfield code="a">25 páginas</subfield>
  </datafield>
  <datafield ind1="2" tag="610" ind2="4">
    <subfield code="a">UNIVERSIDAD DE COSTA RICA</subfield>
    <subfield code="9">714</subfield>
  </datafield>
  <datafield ind1="2" tag="610" ind2="4">
    <subfield code="a">CENTRO INFANTIL LABORATORIO</subfield>
    <subfield code="9">1937</subfield>
  </datafield>
  <datafield ind1="1" ind2="4" tag="650">
    <subfield code="a">GUARDERIAS</subfield>
    <subfield code="9">1938</subfield>
  </datafield>
  <datafield tag="942" ind2=" " ind1=" ">
    <subfield code="2">z</subfield>
    <subfield code="c">01</subfield>
  </datafield>
  <datafield ind1=" " tag="999" ind2=" ">
    <subfield code="c">1916</subfield>
    <subfield code="d">1916</subfield>
  </datafield>
</record>